@article{sensors-18-00772-v3,
  doi = {10.3390/s18030772},
  url = {https://doi.org/10.3390/s18030772},
  year = {2018},
  month = mar,
  publisher = {{MDPI} {AG}},
  volume = {18},
  number = {3},
  pages = {772},
  author = {Ramon Sanchez-Iborra and Jesus Sanchez-Gomez and Juan Ballesta-Vi{\~{n}}as and Maria-Dolores Cano and Antonio Skarmeta},
  title = {Performance Evaluation of {LoRa} Considering Scenario Conditions}
}

@article{sensors-19-00007,
  doi = {10.3390/s19010007},
  url = {https://doi.org/10.3390/s19010007},
  year = {2018},
  month = dec,
  publisher = {{MDPI} {AG}},
  volume = {19},
  number = {1},
  pages = {7},
  author = {Anna Larmo and Antti Ratilainen and Juha Saarinen},
  title = {Impact of {CoAP} and {MQTT} on {NB}-{IoT} System Performance}
}
